@article{black1973pricing,
  title={The Pricing of {Options} and {Corporate Liabilities}},
  author={Black, Fischer and Scholes, Myron},
  journal={Journal of Political Economy},
  volume={81},
  number={3},
  pages={637--654},
  year={1973},
  publisher={University of Chicago Press}
}

@book{hull2018options,
  title={Options, Futures, and Other Derivatives},
  author={Hull, John C},
  edition={10},
  year={2018},
  publisher={Pearson}
}

@book{glasserman2004monte,
  title={Monte Carlo Methods in Financial Engineering},
  author={Glasserman, Paul},
  year={2004},
  publisher={Springer}
}

@book{wilmott2006quant,
  title={Paul Wilmott on Quantitative Finance},
  author={Wilmott, Paul},
  edition={2},
  year={2006},
  publisher={Wiley}
}

@book{higham2004option,
  title={An Introduction to Financial Option Valuation: Mathematics, Stochastics and Computation},
  author={Higham, Desmond J.},
  year={2004},
  publisher={Cambridge University Press}
}

@book{shreve2004stochastic,
  title={Stochastic Calculus for Finance I and II},
  author={Shreve, Steven E.},
  year={2004},
  publisher={Springer}
}